

@book{carroll2004spacetime,
  title={Spacetime and Geometry: An Introduction to General Relativity},
  author={Carroll, S. and Carroll, S.M. and Addison-Wesley},
  isbn={9780805387322},
  lccn={2004296148},
  url={https://books.google.com/books?id=1SKFQgAACAAJ},
  year={2004},
  publisher={Addison Wesley}
}



@book{misner2017gravitation,
  title={Gravitation},
  author={Misner, C.W. and Thorne, K.S. and Wheeler, J.A. and Kaiser, D.I.},
  isbn={9781400889099},
  url={https://books.google.com/books?id=zAAuDwAAQBAJ},
  year={2017},
  publisher={Princeton University Press}
}


@MISC{MMA1,
year = {2022},
howpublished={\url{https://github.com/sashwattanay/BBH-PN-Toolkit}}
}


@article{next_paper,
  title={Closed-form solution of spining, eccentric binary black-holes at 1.5
post-Newtonian order},
  author={Samanta, Rickmoy and Tanay, Sashwat},
  year={\textit{(manuscript in preparation)}}
}


@article{tanay2021action,
  title={Action-angle variables of a binary black-hole with arbitrary eccentricity, spins, and masses at 1.5 post-Newtonian order},
  author={Tanay, Sashwat and Cho, Gihyuk and Stein, Leo C},
  journal={arXiv preprint arXiv:2110.15351},
  year={2021}
}



@article{tanay2021integrability,
  title={Integrability of eccentric, spinning black hole binaries up to second post-Newtonian order},
  author={Tanay, Sashwat and Stein, Leo C and Ghersi, Jos{\'e} T G{\'a}lvez},
  journal={Physical Review D},
  volume={103},
  number={6},
  pages={064066},
  year={2021},
  publisher={APS}
}



@book{schutz1980geometrical,
  title={Geometrical Methods of Mathematical Physics},
  author={Schutz, B.F. and Schutz, D.B.F.},
  isbn={9780521298872},
  lccn={80040211},
  series={Geometrical Methods of Mathematical Physics},
  url={https://books.google.com/books?id=HAPMB2e643kC},
  year={1980},
  publisher={Cambridge University Press}
}



@book{marsden_2,
  title={Introduction to Mechanics and Symmetry: A Basic Exposition of Classical Mechanical Systems},
  author={Marsden, J.E. and Ratiu, T.S.},
  isbn={9780387217925},
  lccn={98044773},
  series={Texts in Applied Mathematics},
  url={https://books.google.com/books?id=k-7kBwAAQBAJ},
  year={2013},
  publisher={Springer New York}
}



@book{marsden_1,
  title={Foundations of Mechanics},
  author={Abraham, R. and Marsden, J.E.},
  isbn={9780821844380},
  lccn={2008005206},
  series={AMS Chelsea publishing},
  url={https://books.google.com/books?id=YAEKBAAAQBAJ},
  year={2008},
  publisher={AMS Chelsea Pub./American Mathematical Society}
}




@article{Romero-Shaw:2019itr,
    author = "Romero-Shaw, Isobel M. and Lasky, Paul D. and Thrane, Eric",
    title = "{Searching for Eccentricity: Signatures of Dynamical Formation in the First Gravitational-Wave Transient Catalogue of LIGO and Virgo}",
    eprint = "1909.05466",
    archivePrefix = "arXiv",
    primaryClass = "astro-ph.HE",
    doi = "10.1093/mnras/stz2996",
    journal = "Mon. Not. Roy. Astron. Soc.",
    volume = "490",
    number = "4",
    pages = "5210--5216",
    year = "2019"
}



@article{Barker:1966zz,
    author = "Barker, Bruce M. and Gupta, Suraj N. and Haracz, Richard D.",
    title = "{One-Graviton Exchange Interaction of Elementary Particles}",
    doi = "10.1103/PhysRev.149.1027",
    journal = "Phys. Rev.",
    volume = "149",
    pages = "1027--1032",
    year = "1966"
}



@article{Audley:2017drz,
    author = "Amaro-Seoane, Pau and others",
    collaboration = "LISA",
    title = "{Laser Interferometer Space Antenna}",
    eprint = "1702.00786",
    archivePrefix = "arXiv",
    primaryClass = "astro-ph.IM",
    month = "2",
    year = "2017"
}




@article{Cutler:1997ta,
    author = "Cutler, Curt",
    title = "{Angular resolution of the LISA gravitational wave detector}",
    eprint = "gr-qc/9703068",
    archivePrefix = "arXiv",
    doi = "10.1103/PhysRevD.57.7089",
    journal = "Phys. Rev. D",
    volume = "57",
    pages = "7089--7102",
    year = "1998"
}


%\url{http://link.aps.org/supplemental/10.1103/PhysRevD.101.064007} or \url{https://arxiv.org/src/1912.07609/anc}
@Misc{MmaSupplement,
  howpublished = {See Supplemental Material 
  at \url{https://arxiv.org/src/2012.06586/anc} for a \textsc{Mathematica} notebook which verifies this calculation.},
}


@misc{JMM:xAct,
     title = "x{A}ct: Efficient tensor computer algebra for the {W}olfram
              {L}anguage",
     howpublished = {\url{http://www.xact.es/}}
}


@article{MARTINGARCIA2008597,
      title = "x{P}erm: fast index canonicalization for tensor computer algebra",
      journal = "Comp. Phys. Commun.",
      volume = "179",
      number = "8",
      pages = "597 - 603",
      year = "2008",
      eprint = "0803.0862",
      archivePrefix = "arXiv",
      primaryClass = "cs.SC",
      note = "",
      issn = "0010-4655",
      doi = "10.1016/j.cpc.2008.05.009",
      urlIGNORE = "http://www.sciencedirect.com/science/article/pii/S001046550800221X",
      author = "José M. Martín-García",
      keywords = "Index canonicalization",
      keywords = "Mathematica",
      keywords = "Computer algebra"
}

@article{Abbott:2016blz,
    author = "Abbott, B.P. and others",
    collaboration = "LIGO Scientific, Virgo",
    title = "{Observation of Gravitational Waves from a Binary Black Hole Merger}",
    eprint = "1602.03837",
    archivePrefix = "arXiv",
    primaryClass = "gr-qc",
    reportNumber = "LIGO-P150914",
    doi = "10.1103/PhysRevLett.116.061102",
    journal = "Phys. Rev. Lett.",
    volume = "116",
    number = "6",
    pages = "061102",
    year = "2016"
}




@article{Abbott:2016nmj,
    author = "Abbott, B. P. and others",
    collaboration = "LIGO Scientific, Virgo",
    title = "{GW151226: Observation of Gravitational Waves from a 22-Solar-Mass Binary Black Hole Coalescence}",
    eprint = "1606.04855",
    archivePrefix = "arXiv",
    primaryClass = "gr-qc",
    reportNumber = "LIGO-P151226",
    doi = "10.1103/PhysRevLett.116.241103",
    journal = "Phys. Rev. Lett.",
    volume = "116",
    number = "24",
    pages = "241103",
    year = "2016"
}




@article{TheLIGOScientific:2016qqj,
    author = "Abbott, B.P. and others",
    collaboration = "LIGO Scientific, Virgo",
    title = "{GW150914: First results from the search for binary black hole coalescence with Advanced LIGO}",
    eprint = "1602.03839",
    archivePrefix = "arXiv",
    primaryClass = "gr-qc",
    reportNumber = "LIGO-P1500269",
    doi = "10.1103/PhysRevD.93.122003",
    journal = "Phys. Rev. D",
    volume = "93",
    number = "12",
    pages = "122003",
    year = "2016"
}


@article{GBM:2017lvd,
    author = "Abbott, B.P. and others",
    collaborationIGNORE = "LIGO Scientific, Virgo, Fermi GBM, INTEGRAL, IceCube, AstroSat Cadmium Zinc Telluride Imager Team, IPN, Insight-Hxmt, ANTARES, Swift, AGILE Team, 1M2H Team, Dark Energy Camera GW-EM, DES, DLT40, GRAWITA, Fermi-LAT, ATCA, ASKAP, Las Cumbres Observatory Group, OzGrav, DWF (Deeper Wider Faster Program), AST3, CAASTRO, VINROUGE, MASTER, J-GEM, GROWTH, JAGWAR, CaltechNRAO, TTU-NRAO, NuSTAR, Pan-STARRS, MAXI Team, TZAC Consortium, KU, Nordic Optical Telescope, ePESSTO, GROND, Texas Tech University, SALT Group, TOROS, BOOTES, MWA, CALET, IKI-GW Follow-up, H.E.S.S., LOFAR, LWA, HAWC, Pierre Auger, ALMA, Euro VLBI Team, Pi of Sky, Chandra Team at McGill University, DFN, ATLAS Telescopes, High Time Resolution Universe Survey, RIMAS, RATIR, SKA South Africa/MeerKAT",
    title = "{Multi-messenger Observations of a Binary Neutron Star Merger}",
    eprint = "1710.05833",
    archivePrefix = "arXiv",
    primaryClass = "astro-ph.HE",
    reportNumber = "LIGO-P1700294, VIR-0802A-17, FERMILAB-PUB-17-478-A-AE-CD",
    doi = "10.3847/2041-8213/aa91c9",
    journal = "Astrophys. J. Lett.",
    volume = "848",
    number = "2",
    pages = "L12",
    year = "2017"
}


@article{LIGOScientific:2018mvr,
    author = "Abbott, B.P. and others",
    collaboration = "LIGO Scientific, Virgo",
    title = "{GWTC-1: A Gravitational-Wave Transient Catalog of Compact Binary Mergers Observed by LIGO and Virgo during the First and Second Observing Runs}",
    eprint = "1811.12907",
    archivePrefix = "arXiv",
    primaryClass = "astro-ph.HE",
    reportNumber = "LIGO-P1800307",
    doi = "10.1103/PhysRevX.9.031040",
    journal = "Phys. Rev. X",
    volume = "9",
    number = "3",
    pages = "031040",
    year = "2019"
}




@article{Huang:2014ska,
    author = "Huang, Guoqing and Ni, Xiaoting and Wu, Xin",
    title = "{Chaos in two black holes with next-to-leading order spin-spin interactions}",
    eprint = "1403.0378",
    archivePrefix = "arXiv",
    primaryClass = "gr-qc",
    doi = "10.1140/epjc/s10052-014-3012-2",
    journal = "Eur. Phys. J. C",
    volume = "74",
    number = "99",
    pages = "3012",
    year = "2014"
}


@article{Huang:2016vfk,
    author = "Huang, Li and Wu, Xin",
    title = "{Second post-Newtonian Lagrangian dynamics of spinning compact binaries}",
    eprint = "1604.05810",
    archivePrefix = "arXiv",
    primaryClass = "gr-qc",
    doi = "10.1140/epjc/s10052-016-4339-7",
    journal = "Eur. Phys. J. C",
    volume = "76",
    number = "9",
    pages = "488",
    year = "2016"
}

@article{Wu:2015cqa,
    author = "Wu, Xin and Huang, Guoqing",
    title = "{Ruling out chaos in comparable mass compact binary systems with one body spinning}",
    doi = "10.1093/mnras/stv1485",
    journal = "Mon. Not. Roy. Astron. Soc.",
    volume = "452",
    number = "3",
    pages = "3167--3178",
    year = "2015"
}


@article{Mei:2013uqa,
    author = "Mei, Lijie and Ju, Mingjie and Wu, Xin and Liu, Sanqiu",
    title = "{Dynamics of spin effects of compact binaries}",
    doi = "10.1093/mnras/stt1441",
    journal = "Mon. Not. Roy. Astron. Soc.",
    volume = "435",
    number = "3",
    pages = "2246--2255",
    year = "2013"
}



@article{Wu:2010mv,
    author = "Wu, Xin and Xie, Yi",
    title = "{Symplectic structure of post-Newtonian Hamiltonian for spinning compact binaries}",
    eprint = "1004.4549",
    archivePrefix = "arXiv",
    primaryClass = "gr-qc",
    doi = "10.1103/PhysRevD.81.084045",
    journal = "Phys. Rev. D",
    volume = "81",
    pages = "084045",
    year = "2010"
}



@ARTICLE{2011GReGr..43.2185W,
       author = {{Wu}, Xin and {Zhong}, Shuang-Ying},
        title = "{Regular dynamics of canonical post-Newtonian Hamiltonian for spinning compact binaries with next-to-leading order spin-orbit interactions}",
      journal = {General Relativity and Gravitation},
     keywords = {Spinning compact binaries, Canonical post-Newtonian Hamiltonian, Integrability, Fast Lyapunov indicator, Symplectic integrator},
         year = 2011,
        month = aug,
       volume = {43},
       number = {8},
        pages = {2185-2198},
          doi = {10.1007/s10714-011-1171-0},
       adsurl = {https://ui.adsabs.harvard.edu/abs/2011GReGr..43.2185W},
      adsnote = {Provided by the SAO/NASA Astrophysics Data System}
}













@article{Gopakumar:2005zz,
    author = "Gopakumar, Achamveedu and Konigsdorffer, Christian",
    title = "{The Deterministic nature of conservative post-Newtonian accurate dynamics of compact binaries with leading order spin-orbit interaction}",
    eprint = "gr-qc/0511009",
    archivePrefix = "arXiv",
    doi = "10.1103/PhysRevD.72.121501",
    journal = "Phys. Rev. D",
    volume = "72",
    pages = "121501(R)",
    year = "2005"
}



@article{Cornish:2003ig,
    author = "Cornish, Neil J. and Levin, Janna J.",
    title = "{Lyapunov timescales and black hole binaries}",
    eprint = "gr-qc/0304056",
    archivePrefix = "arXiv",
    doi = "10.1088/0264-9381/20/9/304",
    journal = "Class. Quant. Grav.",
    volume = "20",
    pages = "1649--1660",
    year = "2003"
}




@article{Schnittman:2001mz,
    author = "Schnittman, Jeremy D. and Rasio, Frederic A.",
    title = "{Ruling out chaos in compact binary systems}",
    eprint = "gr-qc/0107082",
    archivePrefix = "arXiv",
    doi = "10.1103/PhysRevLett.87.121101",
    journal = "Phys. Rev. Lett.",
    volume = "87",
    pages = "121101",
    year = "2001"
}


@article{Levin:1999zx,
    author = "Levin, Janna J.",
    title = "{Gravity waves, chaos, and spinning compact binaries}",
    eprint = "gr-qc/9910040",
    archivePrefix = "arXiv",
    doi = "10.1103/PhysRevLett.84.3515",
    journal = "Phys. Rev. Lett.",
    volume = "84",
    pages = "3515",
    year = "2000"
}


@article{Levin:2000md,
    author = "Levin, Janna J.",
    title = "{The fate of chaotic binaries}",
    eprint = "gr-qc/0010100",
    archivePrefix = "arXiv",
    doi = "10.1103/PhysRevD.67.044013",
    journal = "Phys. Rev. D",
    volume = "67",
    pages = "044013",
    year = "2003"
}




@ARTICLE{2014PhRvD..90l4029K,
       author = {{Klein}, Antoine and {Cornish}, Neil and {Yunes}, Nicol{\'a}s},
        title = "{Fast frequency-domain waveforms for spin-precessing binary inspirals}",
      journal = {\prd},
     keywords = {04.30.-w, Gravitational waves: theory, General Relativity and Quantum Cosmology, Astrophysics - High Energy Astrophysical Phenomena},
         year = 2014,
        month = dec,
       volume = {90},
       number = {12},
          eid = {124029},
        pages = {124029},
          doi = {10.1103/PhysRevD.90.124029},
archivePrefix = {arXiv},
       eprint = {1408.5158},
 primaryClass = {gr-qc},
       adsurl = {https://ui.adsabs.harvard.edu/abs/2014PhRvD..90l4029K},
      adsnote = {Provided by the SAO/NASA Astrophysics Data System}
}




@article{Blanchet:2013haa,
    author = "Blanchet, Luc",
    title = "{Gravitational Radiation from Post-Newtonian Sources and Inspiralling Compact Binaries}",
    eprint = "1310.1528",
    archivePrefix = "arXiv",
    primaryClass = "gr-qc",
    doi = "10.12942/lrr-2014-2",
    journal = "Living Rev. Rel.",
    volume = "17",
    pages = "2",
    year = "2014"
}

@book{arnold,
  title={Mathematical Methods of Classical Mechanics},
  author={Arnold, V.I. and Vogtmann, K. and Weinstein, A.},
  isbn={9781475716931},
  series={Graduate Texts in Mathematics},
  url={https://books.google.com/books?id=UOQlBQAAQBAJ},
  year={2013},
  publisher={Springer New York}
}



@book{jose,
  title={Classical Dynamics: A Contemporary Approach},
  author={Jos{\'e}, J.V. and Saletan, E.J.},
  isbn={9780521636360},
  lccn={97043733},
  url={https://books.google.com/books?id=Eql9dRQDgvQC},
  year={1998},
  publisher={Cambridge University Press}
}





@book{fasano,
  title={Analytical Mechanics: An Introduction},
  author={Fasano, A. and Marmi, S. and Pelloni, B.},
  isbn={9780191513596},
  lccn={2005028822},
  series={Oxford Graduate Texts},
  url={https://books.google.com/books?id=DDG0IMpuUoQC},
  year={2006},
  publisher={OUP Oxford}
}








@book{arfken2013mathematical,
  title={Mathematical Methods for Physicists: A Comprehensive Guide},
  author={Arfken, G.B. and Weber, H.J. and Harris, F.E.},
  isbn={9780123846549},
  lccn={2012418308},
  url={https://books.google.com/books?id=qLFo\_Z-PoGIC},
  year={2013},
  publisher={Elsevier Science}
}


@article{Gopakumar:2011zz,
      author         = "Gopakumar, Achamveedu and Schafer, Gerhard",
      title          = "{Gravitational wave phasing for spinning compact binaries
                        in inspiraling eccentric orbits}",
      journal        = "Phys. Rev.",
      volume         = "D84",
      year           = "2011",
      pages          = "124007",
      doi            = "10.1103/PhysRevD.84.124007",
      SLACcitation   = "%%CITATION = PHRVA,D84,124007;%%"
}

@article{Steinhoff:2010zz,
      author         = "Steinhoff, Jan",
      title          = "{Canonical formulation of spin in general relativity}",
      journal        = "Annalen Phys.",
      volume         = "523",
      year           = "2011",
      pages          = "296-353",
      doi            = "10.1002/andp.201000178",
      eprint         = "1106.4203",
      archivePrefix  = "arXiv",
      primaryClass   = "gr-qc",
      SLACcitation   = "%%CITATION = ARXIV:1106.4203;%%"
}

@article{Damour:2000kk,
      author         = "Damour, Thibault and Jaranowski, Piotr and Schaefer,
                        Gerhard",
      title          = "{Poincare invariance in the ADM Hamiltonian approach to
                        the general relativistic two-body problem}",
      journal        = "Phys. Rev.",
      volume         = "D62",
      year           = "2000",
      pages          = "021501",
      doi            = "10.1103/PhysRevD.63.029903, 10.1103/PhysRevD.62.021501",
      note           = "[Erratum: Phys. Rev.D63,029903(2001)]",
      eprint         = "gr-qc/0003051",
      archivePrefix  = "arXiv",
      primaryClass   = "gr-qc",
      SLACcitation   = "%%CITATION = GR-QC/0003051;%%"
}

@book{poisson2014gravity,
  title={Gravity: Newtonian, Post-Newtonian, Relativistic},
  author={Poisson, E. and Will, C.M.},
  isbn={9781107032866},
  lccn={2014012291},
  urlIGNORE={https://books.google.com/books?id=PZ5cAwAAQBAJ},
  year={2014},
  publisher={Cambridge University Press}
}




@book{goldstein2013classical,
  title={Classical Mechanics},
  author={Goldstein, H. and Poole, C.P. and Safko, J.L.},
  isbn={9781292026558},
  lccn={2001027951},
  urlIGNORE={https://books.google.com/books?id=bhVnngEACAAJ},
  year={2013},
  publisher={Pearson}
}

@article{Schnittman:2004vq,
      author         = "Schnittman, Jeremy D.",
      title          = "{Spin-orbit resonance and the evolution of compact binary
                        systems}",
      journal        = "Phys. Rev.",
      volume         = "D70",
      year           = "2004",
      pages          = "124020",
      doi            = "10.1103/PhysRevD.70.124020",
      eprint         = "astro-ph/0409174",
      archivePrefix  = "arXiv",
      primaryClass   = "astro-ph",
      SLACcitation   = "%%CITATION = ASTRO-PH/0409174;%%"
}

@article{Schafer:2018kuf,
      author         = "Schäfer, Gerhard and Jaranowski, Piotr",
      title          = "{Hamiltonian formulation of general relativity and
                        post-Newtonian dynamics of compact binaries}",
      journal        = "Living Rev. Rel.",
      volume         = "21",
      year           = "2018",
      number         = "1",
      pages          = "7",
      doi            = "10.1007/s41114-018-0016-5",
      eprint         = "1805.07240",
      archivePrefix  = "arXiv",
      primaryClass   = "gr-qc",
      SLACcitation   = "%%CITATION = ARXIV:1805.07240;%%"
}

@article{Racine:2008qv,
      author         = "Racine, Etienne",
      title          = "{Analysis of spin precession in binary black hole systems
                        including quadrupole-monopole interaction}",
      journal        = "Phys. Rev.",
      volume         = "D78",
      year           = "2008",
      pages          = "044021",
      doi            = "10.1103/PhysRevD.78.044021",
      eprint         = "0803.1820",
      archivePrefix  = "arXiv",
      primaryClass   = "gr-qc",
      SLACcitation   = "%%CITATION = ARXIV:0803.1820;%%"
}

@article{Ajith:2009bn,
    author = "Ajith, P. and others",
    title = "{Inspiral-merger-ringdown waveforms for black-hole binaries with non-precessing spins}",
    eprint = "0909.2867",
    archivePrefix = "arXiv",
    primaryClass = "gr-qc",
    doi = "10.1103/PhysRevLett.106.241101",
    journal = "Phys. Rev. Lett.",
    volume = "106",
    pages = "241101",
    year = "2011"
}

@book{bender1999advanced,
  title={Advanced Mathematical Methods for Scientists and Engineers I: Asymptotic Methods and Perturbation Theory},
  author={Bender, C.M. and Orszag, S.A.},
  isbn={9780387989310},
  lccn={99044783},
  series={Advanced Mathematical Methods for Scientists and Engineers},
  url={https://books.google.com/books?id=-yQXwhE6iWMC},
  year={1999},
  publisher={Springer}
}


@article{Cho:2019brd,
      author         = "Cho, Gihyuk and Lee, Hyung Mok",
      title          = "{Analytic Keplerian-type parametrization for general
                        spinning compact binaries with leading order spin-orbit
                        interactions}",
      journal        = "Phys. Rev.",
      volume         = "D100",
      year           = "2019",
      number         = "4",
      pages          = "044046",
      doi            = "10.1103/PhysRevD.100.044046",
      eprint         = "1908.02927",
      archivePrefix  = "arXiv",
      primaryClass   = "gr-qc",
      SLACcitation   = "%%CITATION = ARXIV:1908.02927;%%"
}


@article{Chatziioannou:2017tdw,
      author         = "Chatziioannou, Katerina and Klein, Antoine and Yunes,
                        Nicolás and Cornish, Neil",
      title          = "{Constructing Gravitational Waves from Generic
                        Spin-Precessing Compact Binary Inspirals}",
      journal        = "Phys. Rev.",
      volume         = "D95",
      year           = "2017",
      number         = "10",
      pages          = "104004",
      doi            = "10.1103/PhysRevD.95.104004",
      eprint         = "1703.03967",
      archivePrefix  = "arXiv",
      primaryClass   = "gr-qc",
      SLACcitation   = "%%CITATION = ARXIV:1703.03967;%%"
}


@article{Tsang:2015cua,
      author         = "Tsang, David and Galley, Chad R. and Stein, Leo C. and
                        Turner, Alec",
      title          = "{“Slimplectic” integrators: variational integrators
                        for general nonconservative systems}",
      journal        = "Astrophys. J. Lett.",
      volume         = "809",
      year           = "2015",
      number         = "1",
      pages          = "L9",
      doi            = "10.1088/2041-8205/809/1/L9",
      eprint         = "1506.08443",
      archivePrefix  = "arXiv",
      primaryClass   = "astro-ph.IM",
      SLACcitation   = "%%CITATION = ARXIV:1506.08443;%%"
}


@article{Galley:2014wla,
      author         = "Galley, Chad R. and Tsang, David and Stein, Leo C.",
      title          = "{The principle of stationary nonconservative action for
                        classical mechanics and field theories}",
      year           = "2014",
      eprint         = "1412.3082",
      archivePrefix  = "arXiv",
      primaryClass   = "math-ph",
      SLACcitation   = "%%CITATION = ARXIV:1412.3082;%%"
}


@article{Galley:2016zee,
      author         = "Galley, Chad R. and Rothstein, Ira Z.",
      title          = "{Deriving analytic solutions for compact binary inspirals
                        without recourse to adiabatic approximations}",
      journal        = "Phys. Rev.",
      volume         = "D95",
      year           = "2017",
      number         = "10",
      pages          = "104054",
      doi            = "10.1103/PhysRevD.95.104054",
      eprint         = "1609.08268",
      archivePrefix  = "arXiv",
      primaryClass   = "gr-qc",
      SLACcitation   = "%%CITATION = ARXIV:1609.08268;%%"
}


@article{Galley:2012hx,
      author         = "Galley, Chad R.",
      title          = "{Classical Mechanics of Nonconservative Systems}",
      journal        = "Phys. Rev. Lett.",
      volume         = "110",
      year           = "2013",
      number         = "17",
      pages          = "174301",
      doi            = "10.1103/PhysRevLett.110.174301",
      eprint         = "1210.2745",
      archivePrefix  = "arXiv",
      primaryClass   = "gr-qc",
      SLACcitation   = "%%CITATION = ARXIV:1210.2745;%%"
}

@article{Abbott:2020niy,
    author = "Abbott, R. and others",
    collaboration = "LIGO Scientific, Virgo",
    title = "{GWTC-2: Compact Binary Coalescences Observed by LIGO and Virgo During the First Half of the Third Observing Run}",
    eprint = "2010.14527",
    archivePrefix = "arXiv",
    primaryClass = "gr-qc",
    reportNumber = "P2000061",
    month = "10",
    year = "2020"
}

@article{Peters:1964zz,
    author = "Peters, P.C.",
    title = "{Gravitational Radiation and the Motion of Two Point Masses}",
    doi = "10.1103/PhysRev.136.B1224",
    journal = "Phys. Rev.",
    volume = "136",
    pages = "B1224--B1232",
    year = "1964"
}

@article{Peters:1963ux,
    author = "Peters, P.C. and Mathews, J.",
    title = "{Gravitational radiation from point masses in a Keplerian orbit}",
    doi = "10.1103/PhysRev.131.435",
    journal = "Phys. Rev.",
    volume = "131",
    pages = "435--439",
    year = "1963"
}

@article{Ossokine:2020kjp,
    author = "Ossokine, Serguei and others",
    title = "{Multipolar Effective-One-Body Waveforms for Precessing Binary Black Holes: Construction and Validation}",
    eprint = "2004.09442",
    archivePrefix = "arXiv",
    primaryClass = "gr-qc",
    doi = "10.1103/PhysRevD.102.044055",
    journal = "Phys. Rev. D",
    volume = "102",
    number = "4",
    pages = "044055",
    year = "2020"
}

@article{Khan:2018fmp,
    author = "Khan, Sebastian and Chatziioannou, Katerina and Hannam, Mark and Ohme, Frank",
    title = "{Phenomenological model for the gravitational-wave signal from precessing binary black holes with two-spin effects}",
    eprint = "1809.10113",
    archivePrefix = "arXiv",
    primaryClass = "gr-qc",
    doi = "10.1103/PhysRevD.100.024059",
    journal = "Phys. Rev. D",
    volume = "100",
    number = "2",
    pages = "024059",
    year = "2019"
}

@article{Varma:2019csw,
    author = "Varma, Vijay and Field, Scott E. and Scheel, Mark A. and Blackman, Jonathan and Gerosa, Davide and Stein, Leo C. and Kidder, Lawrence E. and Pfeiffer, Harald P.",
    title = "{Surrogate models for precessing binary black hole simulations with unequal masses}",
    eprint = "1905.09300",
    archivePrefix = "arXiv",
    primaryClass = "gr-qc",
    doi = "10.1103/PhysRevResearch.1.033015",
    journal = "Phys. Rev. Research.",
    volume = "1",
    pages = "033015",
    year = "2019"
}

@article{Chen:2017gfm,
    author = "Chen, Xian and Amaro-Seoane, Pau",
    title = "{Revealing the formation of stellar-mass black hole binaries: The need for deci-Hertz gravitational wave observatories}",
    eprint = "1702.08479",
    archivePrefix = "arXiv",
    primaryClass = "astro-ph.HE",
    doi = "10.3847/2041-8213/aa74ce",
    journal = "Astrophys. J. Lett.",
    volume = "842",
    number = "1",
    pages = "L2",
    year = "2017"
}

@article{Sesana:2016ljz,
    author = "Sesana, Alberto",
    title = "{Prospects for Multiband Gravitational-Wave Astronomy after GW150914}",
    eprint = "1602.06951",
    archivePrefix = "arXiv",
    primaryClass = "gr-qc",
    doi = "10.1103/PhysRevLett.116.231102",
    journal = "Phys. Rev. Lett.",
    volume = "116",
    number = "23",
    pages = "231102",
    year = "2016"
}

@article{Fang:2019dnh,
    author = "Fang, Xiao and Thompson, Todd A. and Hirata, Christopher M.",
    title = "{The Population of Eccentric Binary Black Holes: Implications for mHz Gravitational Wave Experiments}",
    eprint = "1901.05092",
    archivePrefix = "arXiv",
    primaryClass = "astro-ph.HE",
    doi = "10.3847/1538-4357/ab0e6a",
    journal = "Astrophys. J.",
    volume = "875",
    number = "1",
    pages = "75",
    year = "2019"
}

@article{Roedig:2011rn,
    author = "Roedig, Constanze and Sesana, Alberto",
    editor = "Hannam, Mark and Sutton, Patrick and Hild, Stefan and van den Broeck, Chris",
    title = "{Origin and Implications of high eccentricities in massive black hole binaries at sub-pc scales}",
    eprint = "1111.3742",
    archivePrefix = "arXiv",
    primaryClass = "astro-ph.CO",
    doi = "10.1088/1742-6596/363/1/012035",
    journal = "J. Phys. Conf. Ser.",
    volume = "363",
    pages = "012035",
    year = "2012"
}

@article{Gerosa:2016sys,
    author = "Gerosa, Davide and Kesden, Michael",
    title = "{PRECESSION: Dynamics of spinning black-hole binaries with python}",
    eprint = "1605.01067",
    archivePrefix = "arXiv",
    primaryClass = "astro-ph.HE",
    doi = "10.1103/PhysRevD.93.124066",
    journal = "Phys. Rev. D",
    volume = "93",
    number = "12",
    pages = "124066",
    year = "2016"
}

@article{Hughes:2001gh,
    author = "Hughes, Scott A.",
    title = "{Comment on `Gravity waves, chaos, and spinning compact binaries'}",
    eprint = "gr-qc/0101024",
    archivePrefix = "arXiv",
    doi = "10.1103/PhysRevLett.85.5480",
    journal = "Phys. Rev. Lett.",
    volume = "85",
    pages = "5480",
    year = "2000"
}

@article{Damour:1988mr,
    author = "Damour, T. and Schaefer, Gerhard",
    title = "{Higher Order Relativistic Periastron Advances and Binary Pulsars}",
    reportNumber = "MEUDON-88024",
    doi = "10.1007/BF02828697",
    journal = "Nuovo Cim. B",
    volume = "101",
    pages = "127",
    year = "1988"
}

@article{Damour:2001tu,
    author = "Damour, Thibault",
    title = "{Coalescence of two spinning black holes: an effective one-body approach}",
    eprint = "gr-qc/0103018",
    archivePrefix = "arXiv",
    reportNumber = "IHES-P-01-11",
    doi = "10.1103/PhysRevD.64.124013",
    journal = "Phys. Rev. D",
    volume = "64",
    pages = "124013",
    year = "2001"
}

@article{Nutma:2013zea,
    author = "Nutma, Teake",
    title = "{xTras : A field-theory inspired xAct  package for mathematica}",
    eprint = "1308.3493",
    archivePrefix = "arXiv",
    primaryClass = "cs.SC",
    reportNumber = "AEI-2013-236",
    doi = "10.1016/j.cpc.2014.02.006",
    journal = "Comput. Phys. Commun.",
    volume = "185",
    pages = "1719--1738",
    year = "2014"
}

@article{Hartl:2004xr,
    author = "Hartl, Michael D. and Buonanno, Alessandra",
    title = "{The Dynamics of precessing binary black holes using the post-Newtonian approximation}",
    eprint = "gr-qc/0407091",
    archivePrefix = "arXiv",
    doi = "10.1103/PhysRevD.71.024027",
    journal = "Phys. Rev. D",
    volume = "71",
    pages = "024027",
    year = "2005"
}

@article{Barker:1975ae,
    author = "Barker, B.M. and O'Connell, R.F.",
    title = "{Gravitational Two-Body Problem with Arbitrary Masses, Spins, and Quadrupole Moments}",
    doi = "10.1103/PhysRevD.12.329",
    journal = "Phys. Rev. D",
    volume = "12",
    pages = "329--335",
    year = "1975"
}


@article{Konigsdorffer:2005sc,
    author = "Konigsdorffer, Christian and Gopakumar, Achamveedu",
    title = "{Post-Newtonian accurate parametric solution to the dynamics of spinning compact binaries in eccentric orbits: The Leading order spin-orbit interaction}",
    eprint = "gr-qc/0501011",
    archivePrefix = "arXiv",
    doi = "10.1103/PhysRevD.71.024039",
    journal = "Phys. Rev. D",
    volume = "71",
    pages = "024039",
    year = "2005"
}

@article{Klein:2018ybm,
    author = "Klein, Antoine and Boetzel, Yannick and Gopakumar, Achamveedu and Jetzer, Philippe and de Vittori, Lorenzo",
    title = "{Fourier domain gravitational waveforms for precessing eccentric binaries}",
    eprint = "1801.08542",
    archivePrefix = "arXiv",
    primaryClass = "gr-qc",
    doi = "10.1103/PhysRevD.98.104043",
    journal = "Phys. Rev. D",
    volume = "98",
    number = "10",
    pages = "104043",
    year = "2018"
}

@article{Klein:2010ti,
    author = "Klein, Antoine and Jetzer, Philippe",
    title = "{Spin effects in the phasing of gravitational waves from binaries on eccentric orbits}",
    eprint = "1005.2046",
    archivePrefix = "arXiv",
    primaryClass = "gr-qc",
    doi = "10.1103/PhysRevD.81.124001",
    journal = "Phys. Rev. D",
    volume = "81",
    pages = "124001",
    year = "2010"
}

@article{Kidder:1995zr,
    author = "Kidder, Lawrence E.",
    title = "{Coalescing binary systems of compact objects to postNewtonian 5/2 order. 5. Spin effects}",
    eprint = "gr-qc/9506022",
    archivePrefix = "arXiv",
    reportNumber = "NU-GR-11, WUGRAV-94-6A",
    doi = "10.1103/PhysRevD.52.821",
    journal = "Phys. Rev. D",
    volume = "52",
    pages = "821--847",
    year = "1995"
}

@article{Kesden:2014sla,
    author = "Kesden, Michael and Gerosa, Davide and O'Shaughnessy, Richard and Berti, Emanuele and Sperhake, Ulrich",
    title = "{Effective potentials and morphological transitions for binary black-hole spin precession}",
    eprint = "1411.0674",
    archivePrefix = "arXiv",
    primaryClass = "gr-qc",
    doi = "10.1103/PhysRevLett.114.081103",
    journal = "Phys. Rev. Lett.",
    volume = "114",
    number = "8",
    pages = "081103",
    year = "2015"
}

@article{Gerosa:2015tea,
    author = "Gerosa, Davide and Kesden, Michael and Sperhake, Ulrich and Berti, Emanuele and O'Shaughnessy, Richard",
    title = "{Multi-timescale analysis of phase transitions in precessing black-hole binaries}",
    eprint = "1506.03492",
    archivePrefix = "arXiv",
    primaryClass = "gr-qc",
    doi = "10.1103/PhysRevD.92.064016",
    journal = "Phys. Rev. D",
    volume = "92",
    pages = "064016",
    year = "2015"
}

@article{Gayathri:2020coq,
    author = "Gayathri, V. and Healy, J. and Lange, J. and O'Brien, B. and Szczepanczyk, M. and Bartos, I. and Campanelli, M. and Klimenko, S. and Lousto, C. and O'Shaughnessy, R.",
    title = "{GW190521 as a Highly Eccentric Black Hole Merger}",
    eprint = "2009.05461",
    archivePrefix = "arXiv",
    primaryClass = "astro-ph.HE",
    month = "9",
    year = "2020"
}

@article{Pratten:2020ceb,
    author = "Pratten, Geraint and others",
    title = "{Let's twist again: computationally efficient models for the dominant and sub-dominant harmonic modes of precessing binary black holes}",
    eprint = "2004.06503",
    archivePrefix = "arXiv",
    primaryClass = "gr-qc",
    month = "4",
    year = "2020"
}

